@book{lee2003smooth,
  author={Lee, J. M.},
  title={Introduction to Smooth Manifolds},
  year={2003},
  publisher={Springer}
}

@book{kobayashi1963foundations,
  title={Foundations of differential geometry},
  author={Kobayashi, S. and Nomizu, K.},
  volume={2},
  year={1963},
  publisher={Interscience Publishers New York}
}

@book{nakahara2003geometry,
  title={Geometry, topology and physics},
  author={Nakahara, M.},
  year={2003},
  publisher={CRC Press}
}

@misc{marcovicente,
  title={``{B}undles"},
  author={Castrillón, M. and Muñoz, V.},
  year={2011},
  note={Lecture notes at Universidad Complutense de Madrid}
}

@misc{figueroa,
  title={``{G}auge {T}heory"},
  author={Figueroa-O'Farrill, J. M.}, 
  year={2006},
  note={Lecture notes at University of Edinburgh},
  howpublished={Online at \url{https://empg.maths.ed.ac.uk/Activities/GT/}}
}




